@article{Kaneshiro:2015,
	title = {A Representational Similarity Analysis of the Dynamics of Object Processing Using Single-Trial {EEG} Classification},
	volume = {10},
	Xdoi = {10.1371/journal.pone.0135697},
	language = {en},
	number = {8},
	journal = {PLOS ONE},
	author = {Kaneshiro, Blair and Perreau Guimaraes, Marcos and Kim, Hyung-Suk and Norcia, Anthony M. and Suppes, Patrick},
	editor = {Najbauer, Joseph},
	month = aug,
	year = {2015},
	pages = {e0135697},
	file = {Full Text:/home/jkilgallen/Zotero/storage/ZKQJDUWY/Kaneshiro et al. - 2015 - A Representational Similarity Analysis of the Dyna.pdf:application/pdf},
}

@article{Bell-Sejnowski:1995,
author  =   {Anthony J. Bell and Terrence J. Sejnowski},
title   =   {An Information-Maximization Approach to Blind Separation and Blind Deconvolution},
journal =   {Neural Computation},
year    =   1995,
volume  =   7,
number  =   6,
pages   =   {1129--59}
}

@article{Kriegeskorte:2008,
author={Kriegeskorte, Nikolaus  and Mur, Marieke  and Bandettini, Peter A.},
title={Representational similarity analysis - connecting the branches of systems neuroscience},        
journal={Frontiers in Systems Neuroscience},        
volume=2,
year=2008,
url={https://www.frontiersin.org/journals/systems-neuroscience/articles/10.3389/neuro.06.004.2008},
doi={10.3389/neuro.06.004.2008},
issn={1662-5137},
}

@misc{Kilgallen:2025,
      title={The Repeated-Stimulus Confound in Electroencephalography}, 
      author={Jack A. Kilgallen and Barak A. Pearlmutter and Jeffrey Mark Siskind},
      year={2025},
      eprint={2508.00531},
      archivePrefix={arXiv},
      primaryClass={q-bio.NC},
      url={https://arxiv.org/abs/2508.00531}, 
}